3765 4813
742 329 800 385 .2
812 324 940 405 5⁸-
1295 350 1308 363 ι
1668 313 2012 394 rossan
2055 277 2653 391 remonon
3186 296 3194 304 ’
3233 320 3375 391 m.
3397 328 3511 396 n.
3589 269 3600 277 ⁹

742 488 1074 580 ‚omnium
1106 489 1492 575 deterrima
1520 490 1634 566 illa
1650 491 1902 567 ultima
1931 491 2111 591 fuit,
2154 490 2475 593 qvamvis
2501 488 2744 564 recusa
2772 484 3142 563 multoties
3173 489 3251 565 ἀ
3277 489 3560 588 ηιαὲηἰι

750 585 886 665 fiee
913 590 1245 666 Venetiis
1286 590 1524 667 fuerit.
1670 594 1784 666 De
1817 616 1957 691 qva
1984 594 2386 667 minutatim
2411 591 2792 669 secundum
2818 590 3088 665 diversa
3114 588 3379 665 ultimae
3411 590 3564 664 edi-

751 693 967 769 tionis
991 692 1355 767 volumina
1382 695 1530 791 egit
1559 688 1934 791 diligenter
1964 691 2309 767 Nicolaus
2339 693 2695 769 Antonius
2725 693 2801 767 in
2830 690 3272 766 Bibliotheca
3306 690 3563 792 Hispa-

754 795 937 869 nica.
1039 792 1176 869 Ubi
1202 794 1374 869 illud
1403 806 1644 867 tamen
1673 796 2380 869 animadvertendum
2417 794 2589 881 erit,
2630 790 2899 867 laudari
2930 795 3017 866 ab
3043 804 3297 867 autore
3317 795 3563 869 virum

751 891 1140 970 nostratem
1157 892 1661 983 Clariffimum,
1706 897 1825 994 qvi
1851 898 1924 969 in
1957 892 2452 972 Dissertatione
2483 896 2572 967 de
2606 896 2886 993 optimo
2900 889 3177 992 ‘genere
3209 897 3563 993 interpre-

752 998 951 1071 tandi
981 996 1274 1095 scripfit,
1306 996 1370 1071 se
1398 994 1789 1069 verfionem
1804 999 2151 1078 Averro’is
2181 995 2649 1095 qvorumdam
2685 993 3022 1067 librorum
3038 995 3420 1068 Arabicam
3454 996 3560 1069 di·

751 1093 1059 1195 ligenter
1089 1115 1249 1170 cum
1280 1096 1533 1170 Latina
1573 1097 1889 1173 editione
1932 1093 2301 1171 contuliss‘e
2322 1146 2348 1184 ,
2398 1091 2730 1195 reperisse
2780 1117 2871 1170 ve
2912 1092 3217 1168 fideliter
3260 1094 3560 1169 consen-

754 1200 1081 1272 tientem.
1233 1194 1407 1269 Illud
1436 1219 1601 1270 cum
1627 1200 1733 1272 vir
1761 1195 2168 1273 clarissimus
2200 1196 2530 1272 scriberet
2559 1205 2711 1268 aret
2783 1218 2930 1296 ogo
2961 1196 3239 1269 cuidam
3266 1193 3560 1271 fortaffe

756 1300 1052 1372 nimium
1081 1294 1373 1385 detulit,
1424 1296 1593 1372 nihil
1624 1300 1815 1372 enim
1856 1296 2129 1373 facilius
2160 1297 2249 1371 ab
2280 1296 2670 1396 lingvarum
2697 1298 2939 1395 peritis
2965 1345 2988 1383 ,
3044 1320 3252 1394 qvam
3288 1295 3561 1370 summa

758 1398 1045 1472 Arabici
1063 1395 1386 1471 &Latini
1401 1397 1746 1475 Averro‘is
1774 1398 2245 1500 discrepantia
2271 1399 2672 1497 agnoscitur
2703 1422 2730 1491 ;
2779 1418 3014 1494 neqve
3036 1400 3146 1471 vir
3177 1394 3318 1483 ille,
3339 1421 3562 1495 qvem

759 1499 1005 1571 intime
1031 1502 1385 1583 novimus,
1410 1497 1483 1573 δε
1501 1497 1547 1569 fi
1579 1498 1841 1580 summa
1858 1498 2273 1576 conditione
2295 1496 2613 1585 celebris,
2633 1497 2932 1572 Arabice
2962 1508 3133 1570 tunc
3165 1499 3348 1572 adeo
3387 1497 3560 1573 scie-

758 1599 906 1684 bat,
927 1608 1049 1670 aut
1082 1599 1204 1670 icit
1225 1600 1640 1687 etiamnum,
1659 1625 1823 1675 nam
1854 1599 2091 1673 adhuc
2119 1600 2321 1686 vivit,
2341 1610 2422 1674 ut
2449 1598 2563 1673 vel
2595 1605 2955 1672 commata
2983 1598 3129 1671 duo
3158 1596 3280 1670 nifi
3307 1596 3561 1674 alienis

762 1694 987 1770 oeulis
1018 1699 1347 1786 conferre
1378 1697 1628 1797 posset.
1731 1701 2011 1775 Verum
2034 1700 2106 1775 id
2133 1696 2505 1776 certiffime
2535 1696 2852 1773 constare
2881 1699 3121 1785 debet,
3149 1709 3435 1775 veteres
3452 1702 3556 1773 A·

757 1803 1034 1869 verro'ss
1078 1797 1153 1873 ὅ(
1178 1797 1604 1874 Aristotelici
1634 1812 1873 1875 textus
1901 1800 2257 1876 versiones
2287 1851 2311 1888 ,
2359 1825 2514 1901 qvae
2545 1796 2982 1896 conjunfflm
3010 1810 3294 1886 extant,
3333 1797 3559 1880 saetas

759 1893 955 1971 fuiffe
987 1900 1073 1971 ad
1093 1900 1397 1971 Arabica
1428 1899 1904 1998 exemplaria:
1945 1900 2421 2002 posteriores,
2453 1902 2802 1987 Mantini,
2836 1900 2911 1975 ὅ(
2940 1898 3251 1971 Balmefii
3285 1900 3379 1971 ad
3410 1900 3561 1973 He-

759 1998 1017 2071 braica.
1090 1996 1325 2072 'Unde
1358 1999 1585 2075 fraudi
1616 2000 1753 2073 effe
1785 2005 2050 2078 nemini
2077 2004 2330 2090 deb'et,
2379 2004 2576 2101 quod
2602 2001 2712 2075 vir
2742 2000 3049 2073 summus
3085 2003 3398 2095 joannes
3430 2003 3558 2073 Vi-

755 2107 881 2196 ’ves
911 2096 1090 2172 libro
1103 2099 1204 2173 V.
1224 2102 1316 2171 de
1346 2100 1559 2174 causis
1595 2116 2090 2201 corruptarum
2125 2106 2380 2177 artium
2409 2101 2667 2202 scripsit
2702 2103 2793 2175 de
2825 2106 3147 2175 Averroe
3179 2131 3195 2173 ε
3251 2105 3561 2193 Aristote-

753 2202 877 2270 lem
905 2221 1050 2270 vero
1067 2246 1091 2283 ,
1134 2205 1443 2297 quomodo
1473 2203 1673 2296 legit,
1710 2229 1836 2275 non
1857 2207 1927 2274 t‘n
1942 2206 2064 2299 sua
2091 2208 2338 2306 origine
2351 2228 2594 2301 purum,
2621 2200 2700 2274 65
2714 2206 3043 2297 integrum
3062 2251 3085 2289 ,
3119 2229 3239 2271 non
3269 2209 3340 2273 in
3372 2207 3550 2275 lacu-

716 2294 905 2371 ‘naem
921 2303 1624 2375 Latinaem‘derimtum
1642 2353 1665 2391 ,
1704 2330 1827 2376 non
1850 2308 2024 2378 enim
2049 2311 2265 2404 potuit
2295 2311 2672 2401 linguarum
2694 2327 2916 2400 expers
2929 2348 2953 2386 ,
2994 2305 3112 2393 sed
3131 2307 3205 2375 de
3225 2311 3464 2377 Laetino
3488 2313 3558 2377 in

748 2404 1091 2498 Arabicum
1120 2412 1612 2497 emnsnsaetum.
1716 2410 2082 2510 Qidqvid
2112 2410 2301 2482 enim
2316 2406 2713 2483 Aristotelis
2746 2429 3045 2506 operum
3065 2409 3368 2480 Arabice
3398 2434 3556 2482 ver-

750 2504 897 2596 sum
929 2505 1107 2593 fuit,
1154 2507 1228 2578 in
1256 2507 1597 2596 Oriente,
1622 2503 1791 2593 ⁴*non
1824 2511 1896 2580 in
1917 2511 2367 2595 Occidente,
2407 2510 2682 2585 versum
2714 2505 2855 2596 est,
2902 2531 3135 2607 neqve
3181 2532 3267 2580 ex
3289 2510 3554 2584 Latino

749 2602 1092 2702 Codice,
1112 2607 1227 2679 sed
1260 2609 1604 2705 primum,
1638 2621 1718 2680 ut
1744 2611 2072 2696 diximus,
2101 2632 2190 2684 ex
2211 2608 2510 2698 Graec0,
2552 2610 2891 2707 Syriace3
2933 2621 3084 2682 tum
3119 2634 3204 2680 ex
3239 2624 3552 2709 uti-oqve

747 2708 1057 2803 Arabice'
1086 2735 1105 2780 :
1158 2708 1525 2808 Qidqvid
1551 2712 1790 2796 autem
1808 2706 2300 2809 Abulfaragius
2333 2704 2765 2788 &nonnulli
2799 2708 2910 2786 alii
2942 2712 3243 2786 dixerint
3279 2714 3374 2782 de
3404 2714 3554 2786 Ho-

723 2800 1122 2910 hainorum
1146 2810 1360 2907 patris
1392 2806 1468 2884 ὅ(
1498 2805 1621 2882 filii
1639 2810 1716 2884 in
1734 2811 2090 2884 vertendis
2121 2812 2482 2886 autoribus
2509 2811 2764 2909 peritia
2797 2810 2874 2888 ἀ
2903 2808 3253 2910 elegantia
3271 2862 3294 2899 ,
3340 2838 3561 2912 qvam

745 2917 996 3006 parum
1029 2909 1394 3007 potuerint
1424 2909 1577 3007 Syri
1613 2913 1685 2985 in
1708 2907 2102 2986 Aristotelis
2141 2909 2330 2987 libris
2353 2911 2903 3011 'interpretandis
2936 2911 3087 2986 satis
3116 2914 3419 3012 qvisqve
3456 2918 3559 2991 in·

664 3069 673 3079 s
748 3005 1038 3105 telligit,
1074 3032 1237 3082 cum
1271 3005 1643 3084 difficultas
1680 3034 1929 3083 eorum
1974 3010 2110 3084 five
2144 3015 2436 3090 materia
2467 3008 2860 3110 (pediam,
2905 3012 3041 3087 stve
3074 3016 3349 3102 oratio,
3389 3039 3556 3091 acu-

747 3103 1042 3181 tissimos
1068 3120 1217 3208 *qvo
1272 3133 1362 3184 ve
1384 3108 1674 3184 Graecos
1707 3110 1781 3188 <Sc
1804 3115 1876 3186 in
1894 3111 2342 3213 Philosophia
2374 3113 2900 3188 consummatos
2934 3125 3321 3213 tantopere
3353 3137 3558 3216 eger-

747 3209 977 3303 cuer‘it
1006 3235 1033 3303 3
1083 3211 1158 3285 ὅς
1176 3135 1560 3309 ίῑῖἰηςνειπι
1591 3235 1632 3284 a
1655 3213 1965 3313 pueritia⁴
1984 3211 2399 3317 familiarem
2425 3212 2816 3303 haberent,
2851 3212 3214 3315 essentqve
3244 3218 3333 3290 ab
3351 3221 3562 3293 omni

746 3306 1160 3390 Graecanica
1188 3311 1636 3403 eruditione,
1674 3337 1825 3414 qvae
1846 3308 2207 3390 Arabibus·
2282 3313 2507 3388 rorsus
2542 3315 2910 3416 incognita
2940 3314 3076 3405 est,
3113 3314 3550 3417 paratissimi.

744 3404 1241 3514 Qantavero
1272 3410 1353 3484 fit
1382 3412 1717 3490 versionis
1737 3413 1914 3490 illius
1933 3337 2393 3503 Aristotefficae
2410 3438 2623 3516 qvam
2639 3420 3000 3492 Averroes
3021 3420 3553 3493 commentario

739 3511 864 3584 suo
899 3511 1256 3612 explicare
1284 3513 1568 3610 aggresi*
1560 3543 1636 3589 us
1672 3515 1771 3590 est
1794 3516 2314 3592 inconcinnitas
2346 3518 2421 3593 ὅ(
2447 3517 2868 3607 obscuritas,
2901 3516 3557 3620 vere&eleganter

738 3611 952 3686 allato
984 3612 1320 3714 exemplo
1351 3618 1784 3692 demonstrat
1828 3624 1920 3690 eo
1953 3639 2165 3717 qvem
2206 3619 2669 3695 indicavimus
2715 3614 2886 3694 loco
2917 3668 2945 3709 ,
2988 3619 3219 3695 Vives
3247 3668 3276 3713 ,
3324 3643 3549 3722 qvem

740 3712 1106 3788 consulere
1143 3736 1381 3816 operae
1411 3724 1723 3819 pretium
1755 3717 1912 3791 erit.

987 3879 1120 3944 20·
1156 3855 1388 3959 Multa
1427 3858 1476 3932 fi
1506 3881 1692 3958 opus
1724 3854 1897 3931 esset
1929 3853 2279 3956 ejusmodi
2316 3859 2704 3962 specimina
2733 3858 2883 3933 dari
2911 3855 3195 3958 possent
3209 3839 3237 3946 ,‘
3261 3801 3555 3959 engvi·

731 3955 861 4061 bus
878 3954 1493 4057 Commentatoris
1521 3958 1723 4049 illius,
1740 3961 1932 4044 tama
1961 3984 2174 4059 qvam
2204 3984 2428 4063 usqve
2457 3961 2545 4034 ad
2575 3962 2927 4033 bonarum
2956 3961 3213 4034 artium
3243 3983 3336 4033 ex
3350 3957 3552 4034 6η-

573 4062 585 4073 ·
725 4059 824 4134 cis
856 4057 1183 4167 fontibus,
1202 4057 1778 4161 instaurationem
1793 4064 1984 4165 apud
2012 4059 2292 4141 nostros
2307 4063 2624 4156 obtinuit
2638 4085 2893 4163 parum
2913 4059 3551 4238 digni,.ob1em·it2st
