3765 4813
765 424 909 501 310
1437 460 1444 465 ,
1496 396 1516 404 ·
1655 392 1706 401 ·“
1841 389 2147 489 PETRI
2194 391 2604 472 PANTINI
3275 408 3427 480 ω,
3452 417 3559 488 121,

746 584 1011 662 Glauci
1045 579 1575 679 permutatione
1611 566 1891 688 χρεία-εει
1919 576 2218 649 donanti
2250 559 2586 667 χάλκεα
2616 579 3076 657 reddidimus.
3228 584 3379 656 Sed
3438 584 3592 684 quid

749 691 1086 791 agamus?
1140 686 1429 766 damae,
1460 676 2053 780 quae-poffumm,
2089 678 2389 777 quando
2428 667 2966 778 iinmsscopzim
3021 684 3138 758 illa
3165 682 3406 758 vestra
3455 688 3593 761 imi.

749 793 887 867 tari
917 813 1012 863 ne
1063 800 1257 860 atum
1289 780 1410 860 est.
1528 782 1625 856 Ut
1656 795 1736 857 tu
1774 778 2010 856 officia
2042 805 2126 854 ac
2161 784 2544 881 dignitates
2566 782 2917 860 Palatinas
2936 778 3224 888 Imperii
3244 780 3592 866 Constan-

752 813 1214 993 tinopofftani
1259 890 1334 962 in
1367 883 1715 961 Glossario
1757 882 2096 958 illustrasti
2131 910 2156 977 3
2209 885 2308 958 ita
2342 908 2480 959 nos
2512 908 2806 987 quoque
2845 900 3013 963 ante
3049 886 3336 990 aliquot
3370 914 3589 964 annos

754 998 1134 1096 dignitates
1167 1003 1381 1091 atque
1413 984 1649 1063 officia
1680 985 1849 1059 aulae
1873 983 2296 1061 Gothorum
2328 986 2689 1087 explicare
2724 991 2968 1065 conati
3000 990 3406 1079 sumuS,sed
3431 992 3590 1067 cras-

756 1098 973 1185 flore,
1007 1107 1088 1169 ut
1113 1092 1608 1192 inproverbio
1643 1089 1767 1177 est,
1785 1089 2155 1176 Minerva,
2187 1102 2684 1191 quantumque
2706 1092 2791 1165 in
2807 1102 3009 1167 tanta
3024 1092 3130 1169 rei
3159 1093 3588 1171 obscuritate

755 1202 994 1276 facere
1030 1196 1273 1286 licuit.¹
1392 1194 1639 1267 Fertur
1674 1192 1967 1264 excusus
2003 1189 2120 1264 ille
2157 1189 2747 1267 Commentarius
2778 1197 2851 1268 in
2883 1196 3102 1269 tomis
3136 1195 3587 1301 Scriptomm

753 1326 996 1378 rerum
1013 1298 1586 1403 Hispaniarum.
1637 1295 1836 1394 quod
1852 1304 2101 1367 tamen
2133 1316 2253 1366 me
2287 1293 2970 1396 insciora'quodam
3001 1299 3264 1385 amico,
3287 1302 3583 1377 nimisin

753 1407 889 1499 hac'
926 1405 1217 1504 quidem
1253 1412 1457 1498 parte
1488 1396 1706 1471 nostn'
1738 1404 2026 1470 amante
2043 1392 2313 1470 fabium
2346 1394 2529 1471 fuit:
2583 1399 2768 1471 adeo
2801 1398 3189 1475 informem
3216 1400 3427 1477 illum
3463 1404 3582 1479 foe-

757 1521 938 1594 tum,
960 1515 1083 1577 aut
1111 1500 1392 1587 tollere,
1417 1512 1539 1573 aut
1570 1500 1869 1574 omnino
1908 1497 2299 1595 agnoscere
2331 1521 2699 1599 nunquam
2728 1500 2967 1577 fuerat
2980 1506 3278 1581 animus.
3393 1505 3580 1582 Cou-

754 1610 1144 1686 stantinum
1177 1599 1569 1677 Manassem
1599 1601 1753 1685 MS.
1783 1623 1926 1698 una
1962 1622 2128 1673 cum
2153 1599 2344 1674 hisce
2375 1601 2707 1691 habebis,
2742 1606 2988 1703 probae
3023 1606 3100 1679 ni
3129 1603 3343 1680 fallor
3375 1620 3578 1682 notae.

756 1713 1015 1797 Uteris,
1085 1706 1368 1778 uamdiu
1400 1699 1722 1792 vole8,&
1741 1700 1863 1776 suo
1882 1714 2217 1799 tempore
2251 1706 2341 1778 ad
2371 1726 2507 1778 nos
2537 1704 2773 1779 redire
2806 1707 3207 1805 permitte&
3313 1711 3388 1784 Si
3424 1712 3578 1811 quid
3644 1720 3651 1725 ’

756 1814 946 1889 aliud
980 1834 1022 1885 e
1077 1831 1116 1878 e
1150 1796 1536 1904 judicabis.,‘
1562 1806 1639 1879 in
1657 1827 1803 1905 quo
1834 1799 2334 1880 honestissnnis
2366 1800 2881 1908 utiliffimisque
2916 1811 3063 1885 tuis·
3089 1808 3334 1886 studiis
3371 1836 3578 1913 opera

757 1914 994 1995 nostra
1024 1907 1468 1984 commodari
1501 1918 1717 2008 queat
1745 1957 1769 1994 ,
1819 1904 2040 1980 libere
2076 1905 2488 2010 compella,
2516 1932 2620 1984 -ac
2652 1908 2813 1986 vale
2841 1961 2864 1998 ‚
2917 1915 3347 1989 renunciata
3376 1914 3573 1989 salute

759 2010 1168 2095 dofflffimis
1193 2010 1391 2084 Viris
1421 2005 2199 2109 Baudio‚Heinfioque.
2354 2008 2696 2088 Bruxellae
2730 2012 2940 2090 xm.
2969 2012 3276 2095 Kalend.
3327 2017 3575 2117 Junias.

764 2141 884 2196 clo
913 2141 983 2195 ιο
1012 2137 1061 2191 c
1085 2134 1158 2189 x.
2726 2126 2737 2138 ⁴
2776 2164 2781 2171 -

1063 2200 1177 2335 θα
1218 2253 1674 2357 funestiffima
1702 2255 1926 2358 Regis
1959 2250 2352 2332 Galliarum
2383 2260 2579 2333 caede
2608 2270 2777 2335 ante
2810 2259 3125 2334 triduum
3147 2218 3310 2358 jam
3341 2263 3451 2352 ‚hic
3476 2283 3577 2336 re-

762 2363 1012 2449 scitum
1029 2361 1155 2453 est,
1170 2364 1369 2438 vario
1400 2365 1803 2436 animorum
1834 2358 2101 2438 affefim
2128 2372 2346 2463 atque
2376 2366 2756 2466 opinione.
2851 2363 3043 2440 Ecce
3071 2366 3243 2467 quid
3278 2364 3572 2469 sceptra!

766 2472 1162 2576 quidtotus
1189 2467 1309 2542 hic
1342 2467 1594 2540 mundi
1617 2462 1870 2542 fastus!

1735 2667 2098 2743 PETRUS
2144 2667 2637 2744 PANTINUS

1179 2851 1192 2866 .
1617 2811 1852 2899 you.
1921 2816 2392 2883 Meua-sto
2427 2853 2450 2892 ‚
2540 2819 2602 2890 s.
2661 2813 2739 2887 P.

1148 2948 1286 3024 Vir
1336 2943 1780 3026 doffissimel
1820 2954 1830 2963 ’

769 3067 1036 3221 Non
1063 3079 1140 3146 te
1170 3070 1376 3173 super
1403 3066 1666 3144 Graeco
1703 3067 1897 3144 Cod.
1928 3070 2083 3143 MS.
2120 3069 2328 3143 nobis
2365 3053 2806 3145 remittendo
2842 3061 3379 3168 compellaffem
3404 3114 3429 3153 ‚
3471 3061 3570 3139 nifi

964 3174 1233 3248 amicus
1301 3174 1562 3260 uidam,
1583 3174 1697 3246 cui
1723 3194 1878 3244 non
1908 3168 2213 3245 libenter
2228 3173 2614 3271 quicquam
2632 3194 2920 3271 negem,
2939 3171 3176 3269 saepius
3206 3192 3376 3242 eum
3405 3190 3445 3241 a
3472 3187 3568 3240 me

772 3271 1224 3354 intensiffimo
1320 3276 1488 3348 udio
1519 3269 1974 3371 efflagitaffet.
2081 3273 2222 3346 Sed
2238 3295 2390 3345 non
2411 3276 2890 3361 committam,
2911 3275 3082 3372 quin
3108 3272 3231 3346 ubi
3257 3269 3377 3346 ille
3394 3266 3570 3343 Con-

770 3379 1083 3457 stantino
1101 3379 1253 3453 hoc
1268 3372 1609 3465 Manaffe,
1629 3377 1828 3476 quod
1855 3375 2011 3450 satis
2042 3374 2166 3462 est,
2184 3374 2342 3450 usus
2371 3375 2588 3450 fuerit
2607 3426 2630 3462 ,
2664 3377 2989 3476 protinus
3023 3376 3115 3449 ad
3143 3388 3220 3450 te
3248 3381 3569 3446 reem-at.

770 3484 892 3559 Ne
944 3504 1036 3557 ue
1069 3483 1263 3556 enim
1302 3477 1557 3554 leviter
1584 3501 1888 3579 peccare
1922 3500 2041 3551 me
2074 3471 2484 3566 arbitrarer,
2522 3477 2568 3551 fi
2592 3489 2717 3551 tua
2744 3481 2991 3579 tuique
3021 3476 3343 3552 similium
3365 3477 3573 3548 hone-

772 3583 856 3662 sti
911 3610 1092 3673 ima,
1121 3581 1552 3698 publicoque
1584 3582 1781 3655 bono
1815 3590 2227 3679 comparata
2255 3577 2481 3654 studia
2499 3604 2650 3654 non
2670 3581 3286 3680 omnibus,quibus
3305 3573 3572 3678 possim,

772 3689 1007 3765 modis
1030 3686 1463 3782 adjuvarem.
1567 3680 2280 3781 SynefiiOrationem
2311 3675 2450 3760 ωὲὶ
2476 3675 3049 3793 φιλανθρωπίαις
3075 3685 3149 3755 in
3168 3678 3417 3755 Galliis
3448 3680 3577 3752 edi·

774 3802 964 3878 tam,
1004 3787 1146 3865 five
1176 3774 1312 3865 πὲὶ
1341 3773 1882 3889 φιλαδελφίας,
1922 3807 2134 3885 quam
2169 3806 2309 3885 ego
2339 3785 2711 3861 Themistii
2739 3785 2879 3861 effe
2911 3797 3130 3886 puto,
3169 3777 3217 3856 si
3242 3805 3378 3884 per
3390 3781 3581 3855 Plan·

774 3891 1089 3967 tinianos
1119 3890 1209 3967 ad
1236 3892 1384 3967 dies
1416 3887 1687 3989 aliquot
1719 3889 2070 3962 utendum
2100 3886 2365 3961 miseris
2384 3939 2407 3978 ,
2442 3885 2905 3987 gratiffimum
2932 3890 3067 3961 erit
3095 3938 3119 3976 ,
3170 3884 3246 3960 ὅ(
3280 3898 3445 3959 tuto
3463 3935 3489 3973 ,
3512 3891 3582 3955 ut

773 3992 1198 4082 restituatur,
1218 4015 1517 4094 operam
1531 3992 1743 4078 dabo,
1760 4001 1879 4089 atq
1887 4012 1977 4064 ue
1996 4012 2140 4063 una
2155 3986 2413 4065 Catalo
2418 4014 2590 4090 gum
2606 3987 3029 4067 Graecorum
3045 4011 3381 4063 meorum
3397 3984 3585 4062 MSS.

775 4096 1039 4171 habeas
1056 4146 1080 4185 ‚
1109 4095 1464 4171 accurabo
1493 4121 1514 4166 ε
1567 4116 1758 4179 nam,
1775 4104 1853 4165 ut
1869 4114 2062 4165 nunc
2082 4089 2534 4184 describatur,
2550 4093 2646 4166 ob
2675 4097 2866 4170 varia
2896 4092 3414 4193 impedimenta
3444 4086 3588 4161 fieri

755 4195 897 4276 ‘vix
924 4194 1181 4301 potest.
1288 4193 1837 4302 Constantinum
1856 4207 2062 4271 tuum
2078 4194 2196 4272 ubi
2214 4197 2601 4297 prodierit,
2629 4191 3079 4276 libentiffime
3098 4194 3369 4273 videbo
3382 4243 3411 4282 ,
3437 4187 3589 4264 reli·

3310 4327 3592 4410 quaque
