3765 4813
320 387 536 495 eapse.
866 383 1240 471 comer
1292 384 1807 470 commo
1859 385 2337 493 Jumcmm.
2481 477 2492 489 ,
2871 405 3024 495 πε·

234 575 540 677 AEgypti,
568 581 848 651 nutrice·
874 579 986 653 ifla
1016 576 1614 683 Philosophorum
1643 603 1785 681 prae
1815 581 1974 683 ipfis,
1987 583 2319 671 Athenis,
2367 595 2449 658 ut
2475 583 2919 661 Camerarius
2945 591 3021 661 in

234 681 374 753 vita
390 679 654 775 Synefii
674 679 1134 757 demonstrat.
1180 685 1372 758 Nam
1390 683 1466 761 ἃ
1482 695 1649 757 ante
1675 681 1847 757 illud
1873 693 2155 785 tempus
2173 687 2267 759 ibi
2285 685 2361 761 ἀ
2377 687 2451 759 in
2465 685 2689 759 Persia
2703 711 2871 761 cum
2885 687 3024 761 Im-

232 791 512 879 perator
546 777 720 853 esset
748 779 1235 857 Diocletianus
1266 805 1374 859 ars
1424 787 1570 859 'auri
1619 783 2045 861 conficiendi
2089 787 2131 859 a
2177 787 2433 885 Judaeis
2477 783 2887 862 Christianis
2921 797 3023 863 at-

332 879 700 953 eEthnicis
718 879 1170 981 frequentata
1196 885 1354 975 fuit,
1382 899 1464 959 ut
1490 887 1731 959 Svidas
1749 889 1827 961 in
1857 909 2043 961 voce
2071 873 2337 987 Χημεῖα,
2368 885 2703 961 testatur:
2755 886 2831 963 ὅ(
2851 911 3021 963 con-

287 1027 289 1030 .
330 983 802 1053 tHeliodor-um
840 985 960 1057 sub
994 981 1196 1081 cujus
1232 991 1524 1061 nomine
1574 985 1989 1085 opusculum
2019 987 2069 1061 f.
2103 1013 2223 1083 42.
2253 989 2535 1087 legitur,
2585 999 2825 1063 ortum
2857 987 3025 1061 Ale-

230 1083 514 1157 xandria
542 1081 618 1157 dc
652 1083 696 1153 εὶ
731 1085 1140 1181 parentibus
1178 1087 1310 1159 suis
1338 1087 1637 1159 'Hermia
1667 1087 2079 1185 AEdefiaque
2107 1113 2249 1163 una
2277 1112 2443 1161 cum
2473 1089 2871 1161 Ammonio
2889 1089 3023 1163 fra-

232 1195 340 1255 tre
368 1181 878 1257 instituendum
916 1187 1160 1257 datum
1192 1185 1330 1259 esse
1364 1187 1623 1259 Proclo
1645 1189 1689 1239 *
1721 1183 2089 1261 clariffi'mo
2123 1189 2297 1263 iuius
2331 1187 2673 1287 temporis
2715 1187 3031 1263 Philoso-

230 1283 398 1383 pho.
502 1283 680 1355 Fieri
710 1289 926 1359 etiam
954 1285 1214 1383 potest,
1268 1299 1350 1359 ut
1380 1289 1508 1360 hic·
1532 1291 1661 1361 arti
1689 1287 1781 1361 illi
1815 1285 2127 1363 addistus
2173 1291 2605 1388 peritusque,
2635 1289 2729 1365 ⁷&
2779 1289 3029 1363 Theo-

227 1383 418 1457 dosio
454 1385 730 1483 Magno
764 1384 1024 1483 aliquid
1058 1389 1476 1487 scriptorum
1526 1389 1809 1461 suorum
1857 1389 2327 1465 dedicaverit:
2383 1389 2483 1463 est
2527 1391 2719 1463 enim
2769 1391 3029 1491 proba-

232 1475 364 1557 bile
396 1485 914 1583 Imperatorem
940 1487 1176 1559 hunce
1210 1490 1374 1561 artis
1406 1487 1723 1585 lingulati
1767 1499 2055 1587 captum
2101 1513 2345 1563 amore
2393 1515 2477 1565 ac
2507 1491 2905 1591 voluptate,
2951 1489 3029 1567 δε

135 1580 137 1583 ⁴
226 1583 472 1659 inaula
492 1585 694 1683 ipsius
714 1587 1294 1683 hancapluribus
1330 1593 1719 1663 exercitam
1753 1587 1971 1677 fuiss'e,
2009 1595 2345 1689 quoniam
2363 1595 2685 1685 Eugenim
2741 1613 3029 1691 quoque

223 1683 400 1776 <five
430 1685 524 1757 Fl.
560 1687 912 1783 Eugenius
932 1685 1132 1761 Praef.
1150 1687 1380 1775 Urbis,
1416 1689 1552 1761 sive
1582 1689 1781 1777 alter,
1855 1693 1927 1763 ui
1947 1695 2135 1789 apud
2165 1715 2329 1763 eum
2363 1705 2661 1791 propter
2689 1703 2913 1765 artem
2951 1691 3027 1763 <Sc

225 1785 738 1883 eloquentiam,
772 1799 972 1859 tanta
1004 1791 1195 1861 enim
1230 1791 1629 1861 eruditione
1663 1715 2053 1889 praestabat,
2095 1805 2177 1863 ut
2233 1804 2477 1889 aperta
2519 1789 2755 1865 schola
2791 1801 3027 1863 orato·

221 1885 400 1963 riam
434 1883 914 1983 profiteretur,
950 1889 1180 1985 inquit
1214 1887 1540 1961 Zosimus
1568 1891 1747 1963 libro
1781 1891 1909 1963 IV.
1947 1913 2205 1987 magna
2239 1889 2659 1963 auctoritate
2695 1893 2773 1967 ὅ(
2847 1895 3047 1963 ratia-

222 1983 546 2063 valebat:
594 1985 840 2085 postea
874 2001 1116 2059 autem
1150 1991 1486 2085 quoniam
1516 1989 1674 2087 post
1701 1989 2283 2061 Valentinianum
2303 1989 2755 2063 interfefiium
2845 1989 3035 2063 olide

223 2086 538 2185 speraret
570 2111 714 2187 ope
740 2086 1150 2185 Arbogastis
1184 2089 1426 2183 Franci
1444 2089 1915 2163 Occidentale
1957 2091 2277 2163 obtinere
2315 2091 2725 2191 Imperium,
2765 2091 2855 2159 ab
2899 2089 3031 2163 lm-

222 2193 560 2287 peratore
588 2189 664 2261 in
696 2187 940 2287 praelio
972 2187 1196 2261 vietus
1230 2201 1479 2287 captus
1510 2191 1586 2265 c&
1623 2191 1859 2291 capite
1905 2203 2267 2263 truncatus
2313 2189 2437 2273 est,
2483 2201 2567 2261 ut
2601 2189 2793 2283 apud
2831 2187 3031 2263 Zosi-

218 2309 424 2364 mum
460 2285 578 2362 lib.
600 2291 728 2362 IV.
762 2289 840 2364 ὅ(
866 2289 1160 2362 Paulum
1180 2291 1582 2364 Diaconum
1600 2291 1717 2368 lib.
1739 2293 1819 2366 ΙΙ.
1853 2291 2105 2390 legasfl
2159 2291 2393 2364 eidem
2411 2289 2541 2362 arti
2573 2287 2853 2362 deditus
2873 2289 3031 2378 fuit,

224 2388 402 2464 ficut
418 2392 632 2462 etiam
652 2388 1010 2488 processus
1040 2388 1164 2486 ipsi
1196 2394 1492 2464 tributus
1522 2394 1577 2488 f,
1610 2416 1633 2462 1
1653 2416 1769 2484 90.
1793 2418 1853 2466 a.
1869 2392 2193 2464 refertur.
2299 2396 2401 2464 At
2435 2391 2625 2462 enim
2655 2386 2851 2460 illum
2901 2398 3035 2458 He.

219 2490 540 2562 bodonem
572 2490 836 2562 horum
874 2486 1012 2560 ess'e
1054 2492 1446 2562 carminum
1478 2488 1847 2562 meliorem
1869 2494 2157 2564 eredere
2183 2492 2375 2562 haud
2403 2488 2505 2562 fas
2523 2486 2643 2562 est.
2747 2488 2818 2562 Si
2837 2492 3033 2564 enim

218 2588 340 2664 illa
370 2588 832 2664 conferantur
862 2612 1030 2664 cum
1044 2590 1112 2664 S.
1134 2590 1931 2688 Gregorii-Nazianzeni
1961 2592 2407 2678 carminibus,
2429 2592 2547 2688 qui
2567 2590 2819 2662 iisdem
2849 2600 3031 2664 tem-

218 2692 520 2790 poribus
554 2694 762 2778 vixit,
792 2688 1190 2762 differentia
1222 2694 1426 2764 nimis
1458 2690 1799 2778 evidenti,
1833 2704 2095 2792 poema
2129 2692 2453 2764 miserum
2481 2688 2857 2764 soloecimis
2889 2692 3031 2764 sca-

215 2804 382 2864 tens
414 2790 492 2864 <Sc
530 2791 712 2864 vitiis
754 2790 1166 2888 prosodicis,
1198 2814 1282 2862 ac
1314 2792 1432 2866 vix
1474 2788 1661 2864 leem
1707 2798 1999 2890 dignum
2033 2792 2425 2892 apparebit,
2459 2810 2549 2864 ex
2567 2814 2713 2888 quo
2763 2790 2911 2890 ipso
2945 2790 3024 2868 δε

218 2902 540 2986 tempuS,
592 2912 736 2984 quo
784 2890 1116 2984 fcriptum
1162 2885 1286 2976 est,
1340 2890 1713 2986 colligitur.
1771 2894 2073 2964 Graeculi
2127 2894 2317 2964 enim
2365 2888 2619 2964 infimae
2679 2892 2903 2964 aetatis
2947 2892 3025 2968 in

216 2988 496 3064 summa
526 2990 842 3060 barbarie
880 2990 1272 3062 carminum
1295 2986 1799 3086 hujuscemodi·
1825 2998 2089 3088 genere
2123 2990 2673 3076 delectabantur,
2727 2992 2921 3064 unde
2949 2990 3027 3066 δε

214 3088 484 3166 Psellus
516 3090 794 3184 Legum
824 3088 1148 3186 synopsin
1182 3092 1272 3162 ad
1306 3090 1735 3164 Michaelem
1773 3091 2043 3164 Ducam
2077 3092 2263 3164 circa
2295 3094 2383 3164 A.
2403 3088 2493 3164 C.
2527 3112 2555 3162 1
2577 3088 3027 3164 100.&Tze-

214 3202 378 3266 tzes
412 3212 496 3262 ac
544 3186 1058 3262 Constanti-nus
1106 3186 1456 3264 Manass‘es
1498 3190 1643 3262 suas
1681 3192 1999 3264 historias
2047 3194 2233 3264 circa
2271 3196 2411 3264 An.
2455 3212 2665 3264 1200.
2699 3190 2777 3264 <Sc
2809 3188 3025 3264 Nice-

212 3290 502 3390 phorus
546 3286 868 3366 ,Callistus
932 3290 1510 3390 synopsintotius
1546 3292 1891 3390 scripturae
1927 3294 2113 3366 circa
2149 3298 2241 3366 A.
2263 3312 2293 3364 1
2317 3312 2481 3386 300.
2511 3288 2819 3366 verfibus
2905 3290 3031 3364 oli-

210 3390 392 3464 ticis
442 3390 726 3486 partim,
774 3388 1396 3488 partim-jambicis
1446 3392 1891 3492 descripsere,
1935 3418 2239 3494 quorum
2277 3404 2627 3492 excerpta
2669 3414 2801 3463 πη]
2919 3402 3033 3466 tus

210 3490 528 3588 scriptor
560 3492 678 3562 hic
696 3492 852 3562 fuit.
954 3492 1274 3563 Nomina
1294 3494 1484 3564 enim
1512 3494 1855 3576 Archelai,
1871 3496 2230 3574 Hier-othei,
2257 3492 2651 3588 Theophrasti
2665 3512 3035 3564 commen-

212 3590 390 3664 titia
436 3590 590 3662 sunt
637 3590 918 3660 omnia:
988 3592 1298 3662 carmina
1346 3608 1524 3662 vero
1568 3594 1817 3690 inepta
1859 3596 2063 3666 unius
2115 3593 2353 3666 omnia
2417 3592 2747 3676 auctoris,
2793 3612 3033 3688 neque

208 3688 422 3768 aliud
458 3690 838 3788 quicquam
872 3710 1086 3786 quam
1126 3684 1484 3786 Stephanus
1526 3692 1831 3770 verfibus
1877 3692 2257 3796 expreffuS,
2283 3702 2367 3768 ut
2397 3706 2675 3770 taceam
2705 3692 2881 3766 mira
2915 3692 3038 3764 de-

2839 3812 3037 3870 com-

478 3972 860 4054 }Bgyptiorum
890 3970 1130 4036 domina
1157 3996 1344 4058 agunt,
1386 3978 1548 4040 etiam
1574 3977 1727 4058 apud
1751 3978 1983 4040 Plinium
2013 3979 2179 4042 altum
2207 3976 2281 4040 est
2319 3976 2387 4038 dc
2425 3976 2681 4038 chemica
2717 3992 2827 4036 arte
2865 3972 3031 4038 silea-⁴

476 4054 634 4120 rium,
662 4054 898 4136 ideoque
934 4080 1047 4120 non
1075 4060 1268 4120 dubito
1308 4082 1432 4120 cum
1470 4064 1781 4144 Comingio
1819 4072 1873 4124 δι
1909 4062 2157 4124 Rcinefio
2201 4064 2399 4144 potius.
2423 4076 2587 4140 quam
2623 4078 2747 4118 cum
2773 4054 3035 4126 eruditiff.

472 4138 758 4198 Borricln'o
788 4138 974 4206 facere,
1014 4146 1068 4202 δι
1108 4146 1444 4224 quacunque
1470 4142 1575 4202 sub·
1604 4138 1981 4226 antiquiffimis
2021 4144 2337 4204 nominibus
2377 4146 2431 4202 in
2461 4142 2559 4202 hac
2597 4141 2916 4200 colleffione
2951 4142 3037 4212 ia-

476 4222 702 4290 uantur,
748 4220 916 4280 saltim
946 4226 1272 4284 Diocletiani
1298 4232 1350 4286 δε
1376 4224 1819 4288 Theodoflorum
1847 4226 2185 4304 temporibus
2221 4224 2429 4298 iuniora
2459 4222 2773 4288 existimare.

314 4298 356 4340 θ
368 4302 528 4366 Duos
546 4302 596 4360 H
600 4304 884 4370 eliodorus
896 4306 986 4368 hic
996 4306 1280 4374 confundit
1294 4312 1374 4376 νὴ
1384 4306 1590 4376 deeius.
1606 4312 1671 4374 tt
1687 4308 1939 4396 Pindum
1955 4308 2163 4397 constat
2173 4306 2495 4378 Theodosio
2505 4304 2779 4392 Ituiiomn
2793 4302 3037 4394 gxtififfy·
